<?xml version="1.0" encoding="UTF-8"?><collection xmlns="http://www.loc.gov/MARC21/slim"><record><leader>00429nam--2200133-i-4500</leader><controlfield tag="001">000037406</controlfield><controlfield tag="002">20161230</controlfield><controlfield tag="005">20161230201041</controlfield><controlfield tag="008">060222s1000------------r-----000-0-eng-d</controlfield><datafield ind1=" " ind2=" " tag="080"><subfield code="a">550.341</subfield></datafield><datafield ind1=" " ind2=" " tag="100"><subfield code="a">Navarro, De Fuentes, Jose Rodriguez</subfield></datafield><datafield ind1=" " ind2=" " tag="245"><subfield code="a">Utilisation des tables des temps de propagation des ondes seismiques pour procedeurs diverses</subfield></datafield><datafield ind1=" " ind2=" " tag="260"><subfield code="a">Madrid, Laboratoire Central De Geophysique, 1939. /Dif.</subfield></datafield><datafield ind1=" " ind2=" " tag="852"><subfield code="a">48141</subfield></datafield></record></collection>